% Encoding: UTF-8
@book{Knuth1998,
 author = {Knuth, Donald E.},
 title = {The art of computer programming,  volume 3: (2nd ed.) sorting and searching},
 year = {1998},
 publisher = {Addison Wesley Longman Publishing Co., Inc.},
 address = {Redwood City, CA, USA}
}

@book{Pollefliet2011,
  author = {Pollefliet, Leen},
  title = {Schrijven van verslag tot eindwerk: do's en don'ts},
  year = {2011},
  publisher = {Academia Press},
  address = {Gent}
}

@article{Creeger2009,
  author = {Creeger, Mache},
  journal = {Communications of the ACM},
  number = {8},
  pages = {50--56},
  title = {{CTO Roundtable: Cloud Computing}},
  volume = {52},
  year = {2009}
}

@online{Downey2023,
  author  = {Jessica Downey},
  title   = {Best running apps for 2023},
  date    = {2023-12-05},
  url     = {https://www.tomsguide.com/round-up/best-running-apps},
  urldate = {2023-12-07}
}

@inproceedings{Loepp2018,
  title     = {Recommending running routes: framework and demonstrator},
  author    = {Loepp, Benedikt and Ziegler, J{\"u}rgen},
  booktitle = {Workshop on Recommendation in Complex Scenarios},
  year      = {2018}
}

@Comment{jabref-meta: databaseType:biblatex;}
