% Encoding: UTF-8

@Comment Article{SabiEtAl2016,
  author       = {Sabi, Humphrey M. and Uzoka, Faith-Michael E. and Langmia, Kehbuma and Njeh, Felix M.},
  title        = {Conceptualizing a model for adoption of cloud computing in education},
  journaltitle = {International Journal of Information Management},
  year         = {2016},
  volume       = {36},
  number       = {2},
  pages        = {183--191},
  doi          = {10.1016/j.ijinfomgt.2015.11.010},
  url          = {http://www.sciencedirect.com/science/article/pii/S0268401215001115},
}

@Online{Downey2023,
  author    = {Jessica Downey},
  title     = {Best running apps for 2023},
  date      = {2023-12-05},
  url       = {https://www.tomsguide.com/round-up/best-running-apps},
  urldate   = {2023-12-07},
}

@Inproceedings{Loepp2018,
  title={Recommending running routes: framework and demonstrator},
  author={Loepp, Benedikt and Ziegler, J{\"u}rgen},
  booktitle={Workshop on Recommendation in Complex Scenarios},
  year={2018}
}

@Comment Online{Hykes2013,
  author    = {Solomon Hykes},
  title     = {The future of Linux Containers (PyCon 2013)},
  date      = {2013-03-21},
  url       = {https://www.youtube.com/watch?v=wW9CAH9nSLs},
  urldate   = {2016-09-01},
}

@Comment{jabref-meta: databaseType:biblatex;}
